@inproceedings{Description,
  title={The traveling tournament problem description and benchmarks},
  author={Easton, Kelly and Nemhauser, George and Trick, Michael},
  booktitle={International Conference on Principles and Practice of Constraint Programming},
  pages={580--584},
  year={2001},
  organization={Springer}
}

@article{Relaxed,
author = {Bao, R and Trick, M.A.},
year = {2010},
month = {01},
pages = {472-476},
title = {The relaxed traveling tournament problem},
booktitle = {PATAT 2010 - Proceedings of the 8th International Conference on the Practice and Theory of Automated Timetabling}
}

@article{Mirrored,
  title={Heuristics for the mirrored traveling tournament problem},
  author={Ribeiro, Celso C and Urrutia, Sebasti{\'a}n},
  journal={European Journal of Operational Research},
  volume={179},
  number={3},
  pages={775--787},
  year={2007},
  publisher={Elsevier}
}

@article{Lagrange,
author = {Benoist, Thierry and Laburthe, Fran√ßois and Rottembourg, Benoit},
year = {2001},
month = {01},
pages = {},
title = {Lagrange relaxation and constraint programming collaborative schemes for travelling tournament problems}
}

@inproceedings{Mix,
  title={Solving the travelling tournament problem: A combined integer programming and constraint programming approach},
  author={Easton, Kelly and Nemhauser, George and Trick, Michael},
  booktitle={International Conference on the Practice and Theory of Automated Timetabling},
  pages={100--109},
  year={2002},
  organization={Springer}
}

@article{Hill-Climbing-mejorado,
  title={A simulated annealing and hill-climbing algorithm for the traveling tournament problem},
  author={Lim, Andrew and Rodrigues, Brian and Zhang, Xingwen},
  journal={European Journal of Operational Research},
  volume={174},
  number={3},
  pages={1459--1478},
  year={2006},
  publisher={Elsevier}
}

@Article{Tabu,
author="Gaspero, Luca Di
and Schaerf, Andrea",
title="A composite-neighborhood tabu search approach to the traveling tournament problem",
journal="Journal of Heuristics",
year="2007",
month="Apr",
day="01",
volume="13",
number="2",
pages="189--207",
issn="1572-9397",
doi="10.1007/s10732-006-9007-x",
url="https://doi.org/10.1007/s10732-006-9007-x"
}

@article{combined,
  title={A combined local search and integer programming approach to the traveling tournament problem},
  author={Goerigk, Marc and Westphal, Stephan},
  journal={Annals of Operations Research},
  volume={239},
  number={1},
  pages={343--354},
  year={2016},
  publisher={Springer}
}

@article{ribeiro2012sports,
  title={Sports scheduling: Problems and applications},
  author={Ribeiro, Celso C},
  journal={International Transactions in Operational Research},
  volume={19},
  number={1-2},
  pages={201--226},
  year={2012},
  publisher={Wiley Online Library}
}

@inproceedings{grafos,
  title={Solving the Traveling Tournament Problem by Packing Three-Vertex Paths.},
  author={Goerigk, Marc and Hoshino, Richard and Kawarabayashi, Ken-ichi and Westphal, Stephan},
  booktitle={AAAI},
  pages={2271--2277},
  year={2014}
}

@article{Hill-Climbing,
  title={Constraint programming, simulated annealing and hill-climbing algorithm for traveling tournament problems},
  author={Zhang, X},
  journal={Bachelor thesis, School of Computing, National University of Singapore},
  year={2002}
}

@article{np-completo,
  title={Complexity of the traveling tournament problem},
  author={Thielen, Clemens and Westphal, Stephan},
  journal={Theoretical Computer Science},
  volume={412},
  number={4-5},
  pages={345--351},
  year={2011},
  publisher={Elsevier}
}

@article{simulated,
  title={A simulated annealing approach to the traveling tournament problem},
  author={Anagnostopoulos, Aris and Michel, Laurent and Van Hentenryck, Pascal and Vergados, Yannis},
  journal={Journal of Scheduling},
  volume={9},
  number={2},
  pages={177--193},
  year={2006},
  publisher={Springer}
}

@inproceedings{ant_viejo,
  title={Ant colony optimization and local improvement},
  author={Crauwels, H and Van Oudheusden, D},
  booktitle={Workshop of Real-Life Applications of Metaheuristics, Antwerp, Belgium},
  year={2003}
}

@inproceedings{Modelo,
  title={Mathematical modeling and tabu search heuristic for the traveling tournament problem},
  author={Lee, Jin Ho and Lee, Young Hoon and Lee, Yun Ho},
  booktitle={International Conference on Computational Science and Its Applications},
  pages={875--884},
  year={2006},
  organization={Springer}
}

@article{duenos_modelo,
  title={Reducing travelling costs and player fatigue in the national basketball association},
  author={Bean, James C and Birge, John R},
  journal={Interfaces},
  volume={10},
  number={3},
  pages={98--102},
  year={1980},
  publisher={INFORMS}
}

@misc{poligono,
author = {},
title = {Tournament Scheduling : nrich.maths.org},
howpublished = {\url{https://nrich.maths.org/1443}},
month = {},
year = {},
note = {(Visitado el 12/15/2017)}
}

@misc{Challeng85:online,
author = {},
title = {Challenge Traveling Tournament Problems},
howpublished = {\url{http://mat.gsia.cmu.edu/TOURN/}},
month = {},
year = {},
note = {(Accessed on 12/15/2017)}
}